@article{nakatsukasa2013stable,
  title={Stable and efficient spectral divide and conquer algorithms for the symmetric eigenvalue decomposition and the SVD},
  author={Nakatsukasa, Yuji and Higham, Nicholas J},
  journal={SIAM Journal on Scientific Computing},
  volume={35},
  number={3},
  pages={A1325--A1349},
  year={2013},
  publisher={SIAM}
}

@inproceedings{ionescu2015matrix,
  title={Matrix backpropagation for deep networks with structured layers},
  author={Ionescu, Catalin and Vantzos, Orestis and Sminchisescu, Cristian},
  booktitle={Proceedings of the IEEE International Conference on Computer Vision},
  pages={2965--2973},
  year={2015}
}

@inproceedings{ye2017dynamic,
  title={Dynamic label graph matching for unsupervised video re-identification},
  author={Ye, Mang and Ma, Andy J and Zheng, Liang and Li, Jiawei and Yuen, Pong C},
  booktitle={Proceedings of the IEEE International Conference on Computer Vision},
  pages={5142--5150},
  year={2017}
}
